<record><leader>00000cas a2200000 a 4500</leader><controlfield tag="001">12442418</controlfield><controlfield tag="008">850830d186018uuiluwr ne      0   a0eng c</controlfield><datafield ind1=" " ind2=" " tag="010"><subfield code="a">sn 85034142 </subfield></datafield><datafield ind1=" " ind2=" " tag="040"><subfield code="a">NPU</subfield><subfield code="b">eng</subfield><subfield code="c">NPU</subfield><subfield code="d">NPV</subfield><subfield code="d">NYG</subfield><subfield code="d">NVF</subfield><subfield code="d">MGN</subfield><subfield code="d">NVF</subfield><subfield code="d">NYS</subfield><subfield code="d">OCL</subfield><subfield code="d">NVF</subfield><subfield code="d">CVF</subfield><subfield code="d">NVF</subfield><subfield code="d">OCLCF</subfield><subfield code="d">OCLCO</subfield><subfield code="d">NVF</subfield></datafield><datafield ind1=" " ind2=" " tag="042"><subfield code="a">pcc</subfield></datafield><datafield ind1=" " ind2=" " tag="043"><subfield code="a">n-us-il</subfield></datafield><datafield ind1="0" ind2=" " tag="130"><subfield code="a">Sandwich gazette (Sandwich, Ill. : Weekly)</subfield></datafield><datafield ind1="1" ind2="0" tag="245"><subfield code="a">Sandwich gazette.</subfield></datafield><datafield ind1=" " ind2=" " tag="260"><subfield code="a">Sandwich, Ill. :</subfield><subfield code="b">J.M. Higbee</subfield></datafield><datafield ind1="3" ind2=" " tag="260"><subfield code="3">&lt;1874&gt;-&lt;&gt;</subfield><subfield code="a">Sandwich, Ill. :</subfield><subfield code="b">G.H. Robertson</subfield></datafield><datafield ind1=" " ind2=" " tag="300"><subfield code="a">volumes</subfield></datafield><datafield ind1=" " ind2=" " tag="310"><subfield code="a">Weekly</subfield></datafield><datafield ind1="1" ind2=" " tag="362"><subfield code="a">Began in 1860.</subfield></datafield><datafield ind1=" " ind2=" " tag="588"><subfield code="a">Description based on: Vol. 2, no. 27 (Apr. 25, 1861).</subfield></datafield><datafield ind1=" " ind2=" " tag="588"><subfield code="a">Latest issue consulted: Aug. 11, 1876.</subfield></datafield><datafield ind1=" " ind2="0" tag="651"><subfield code="a">Sandwich (Ill.)</subfield><subfield code="v">Newspapers.</subfield></datafield><datafield ind1=" " ind2="7" tag="651"><subfield code="a">Illinois</subfield><subfield code="z">Sandwich.</subfield><subfield code="2">fast</subfield><subfield code="0">(OCoLC)fst01226879</subfield></datafield><datafield ind1=" " ind2="7" tag="655"><subfield code="a">Newspapers.</subfield><subfield code="2">fast</subfield><subfield code="0">(OCoLC)fst01423814</subfield></datafield><datafield ind1=" " ind2=" " tag="752"><subfield code="a">United States</subfield><subfield code="b">Illinois</subfield><subfield code="c">De Kalb County</subfield><subfield code="d">Sandwich.</subfield></datafield><datafield ind1="0" ind2=" " tag="775"><subfield code="t">Sandwich gazette (Sandwich, Ill. : Semiweekly)</subfield><subfield code="w">(DLC)sn 92053396</subfield><subfield code="w">(OCoLC)26900648</subfield></datafield><datafield ind1="1" ind2=" " tag="029"><subfield code="a">AU@</subfield><subfield code="b">000004414501</subfield></datafield></record>